<record><leader>00000cas a22000007a 4500</leader><controlfield tag="001">20670773</controlfield><controlfield tag="008">891118d18uu1uuuinuwr ne      0    0eng d</controlfield><datafield ind1=" " ind2=" " tag="010"><subfield code="a">sn 89099042 </subfield></datafield><datafield ind1=" " ind2=" " tag="040"><subfield code="a">NPI</subfield><subfield code="b">eng</subfield><subfield code="c">NPI</subfield><subfield code="d">OCLCQ</subfield></datafield><datafield ind1=" " ind2=" " tag="042"><subfield code="a">msc</subfield></datafield><datafield ind1="0" ind2="4" tag="245"><subfield code="a">The Columbia City weekly herald.</subfield></datafield><datafield ind1=" " ind2=" " tag="260"><subfield code="a">Columbia City, Whitley Co., Ind. :</subfield><subfield code="b">Charles E. McDonald</subfield></datafield><datafield ind1=" " ind2=" " tag="300"><subfield code="a">v.</subfield></datafield><datafield ind1=" " ind2=" " tag="310"><subfield code="a">Weekly</subfield></datafield><datafield ind1=" " ind2=" " tag="588"><subfield code="a">Description based on: Vol. 5, no. 18 (May 5, 1882).</subfield></datafield><datafield ind1=" " ind2=" " tag="752"><subfield code="a">United States</subfield><subfield code="b">Indiana</subfield><subfield code="c">Whitley</subfield><subfield code="d">Columbia City.</subfield></datafield></record>